<record><leader>00000cas a22000007a 4500</leader><controlfield tag="001">20991340</controlfield><controlfield tag="008">900202d19171921mouwr ne      0    0eng d</controlfield><datafield ind1=" " ind2=" " tag="010"><subfield code="a">sn 90061025 </subfield></datafield><datafield ind1=" " ind2=" " tag="040"><subfield code="a">MQN</subfield><subfield code="b">eng</subfield><subfield code="c">MQN</subfield><subfield code="d">OCLCQ</subfield></datafield><datafield ind1=" " ind2=" " tag="042"><subfield code="a">msc</subfield></datafield><datafield ind1="0" ind2="4" tag="245"><subfield code="a">The Kingston mercury.</subfield></datafield><datafield ind1=" " ind2=" " tag="260"><subfield code="a">Kingston, Caldwell County, Mo. :</subfield><subfield code="b">C.P. Dorsey,</subfield><subfield code="c">1917-1921.</subfield></datafield><datafield ind1=" " ind2=" " tag="300"><subfield code="a">v.</subfield></datafield><datafield ind1=" " ind2=" " tag="310"><subfield code="a">Weekly</subfield></datafield><datafield ind1="0" ind2=" " tag="362"><subfield code="a">Vol. 22, no. 48 (Oct. 5, 1917)-v. 25, no. 40 (Apr. 5, 1921).</subfield></datafield><datafield ind1=" " ind2=" " tag="752"><subfield code="a">United States</subfield><subfield code="b">Missouri</subfield><subfield code="c">Caldwell</subfield><subfield code="d">Kingston.</subfield></datafield><datafield ind1="0" ind2="0" tag="780"><subfield code="t">Hampton's mercury</subfield><subfield code="w">(DLC)sn 90061024</subfield></datafield><datafield ind1="0" ind2="4" tag="785"><subfield code="t">Hamilton advocate-Hamiltonian</subfield><subfield code="w">(DLC)sn 89066103</subfield></datafield></record>